=LDR  00000nam a2200000Ia 45e0
=008  250109s9999\\\\xx\\\\\\\\\\\\000\0\und\d
=100  \\$aVedra, Dolores B.
=245  \2$aA Study of Organic and Inorganic Fertilizers to the Growth and Yield of AG5 Rice Variety
=245  \0$bby Dolores B. Vedra, Ma. Arlene D. Gudito and Cheryl S. Winner
=260  \\$aPoblacion Norte, Clarin
=260  \\$bBISU-Clarin
=260  \\$c2005
=300  \\$axiii, 39 leaves
=700  \\$aGudito, Ma. Arlene D.
=700  \\$aWinner, Cheryl S.
=852  \\$aBISU Clarin - Poblacion Norte, Clarin
=876  \\$aBISU-CLC-000001
=876  \\$bBISUCLA-T-2023000211
=876  \\$hFor room use only
=876  \\$jInventoried
=876  \\$tCopy 1

