=LDR  00000nam a2200000Ia 45e0
=008  250109s9999\\\\xx\\\\\\\\\\\\000\0\und\d
=100  \\$aNiones, Reychel B.
=245  \0$aAssessment of Commercially Important Fish in Landing Areas of Clarin, Bohol: An Action Plan
=245  \0$bby Reychel B. Niones, Glen G. Clamohoy Jr. and Ian Jay Opalla
=260  \\$aPoblacion Norte, Clarin
=260  \\$bBISU-Clarin
=260  \\$c2023
=300  \\$aviii, 72 leaves
=700  \\$aClamohoy Jr., Glen G.
=700  \\$aOpalla, Ian Jay
=852  \\$aBISU Clarin - Poblacion Norte, Clarin
=876  \\$aBISU-CLC-000002
=876  \\$bBISUCLA-T-2023000212
=876  \\$hFor room use only
=876  \\$jInventoried
=876  \\$tCopy 1

