=LDR  00000nam a2200000Ia 45e0
=008  250109s9999\\\\xx\\\\\\\\\\\\000\0\und\d
=100  \\$aCenten, Cel Jenrey R.
=245  \0$aAssessment of Fisherman's Alternative Livelihhod in Clarin, Bohol
=245  \0$bby Cel Jenrey R. Centeno, Bernalyn Bolonos and Ivy Christene T. Gedaro
=260  \\$aPoblacion Norte, Clarin
=260  \\$bBISU-Clarin
=260  \\$c2022
=300  \\$aviii, 65 leaves
=700  \\$aBolonos, Bernalyn
=700  \\$aGedaro, Ivy Christene T.
=852  \\$aBISU Clarin - Poblacion Norte, Clarin
=876  \\$aBISU-CLC-000003
=876  \\$bBISUCLA-T-2023000213
=876  \\$hFor room use only
=876  \\$jInventoried
=876  \\$tCopy 1

