=LDR  00000nam a2200000Ia 45e0
=008  250109s9999\\\\xx\\\\\\\\\\\\000\0\und\d
=100  \\$aBranzuela, Shela J.
=245  \0$aAttitudes Toward Mangrove Reforestation  Programs and Level of Paticipation
=245  \0$bby Shela J. Branzuela, Donnah Mae M. Mancio and Rhea Mae B. Viodor
=260  \\$aPoblacion Norte, Clarin
=260  \\$bBISU-Clarin
=260  \\$c2015
=300  \\$axi, 55 leaves
=700  \\$aMancio, Donnah Mae M.
=700  \\$aViodor, Rhea Mae B.
=852  \\$aBISU Clarin - Poblacion Norte, Clarin
=876  \\$aBISU-CLC-000004
=876  \\$bBISUCLA-T-2023000214
=876  \\$hFor room use only
=876  \\$jInventoried
=876  \\$tCopy 1

