=LDR  00000nam a2200000Ia 45e0
=008  250109s9999\\\\xx\\\\\\\\\\\\000\0\und\d
=100  \\$aAniel, Juniel J.
=245  \0$aAwareness and Implementation of Solid Waste Management in Inabanga, Bohol: An Action Plan
=245  \0$bby Juniel J. Aniel, Trissha May S. Lungay, Vebie L. Patayan and Aimee D. Pojas
=260  \\$aPoblacion Norte, Clarin
=260  \\$bBISU-Clarin
=260  \\$c2023
=300  \\$aviii, 120 leaves
=700  \\$aLungay, Trissha May S.
=700  \\$aPatayan, Vebie L.
=700  \\$aPojas, Aimee D.
=852  \\$aBISU Clarin - Poblacion Norte, Clarin
=876  \\$aBISU-CLC-000005
=876  \\$bBISUCLA-T-2023000215
=876  \\$hFor room use only
=876  \\$jInventoried
=876  \\$tCopy 1

