=LDR  00000nam a2200000Ia 45e0
=008  250109s9999\\\\xx\\\\\\\\\\\\000\0\und\d
=100  \\$aNavacilla, Angelie T.
=245  \0$aAwareness and Solid Waste Management Program
=245  \0$bby Angelie T. Navacilla, Glydel P. Lechadores, Jessica C. Vistal and Elandy B. Zoilo
=260  \\$aPoblacion Norte, Clarin
=260  \\$bBISU-Clarin
=260  \\$c2017
=300  \\$aix, 76 leaves
=700  \\$aLechadores, Glydel P.
=700  \\$aVistal, Jessica C.
=700  \\$aZoilo, Elandy B.
=852  \\$aBISU Clarin - Poblacion Norte, Clarin
=876  \\$aBISU-CLC-000006
=876  \\$bBISUCLA-T-2023000216
=876  \\$hFor room use only
=876  \\$jInventoried
=876  \\$tCopy 1

