=LDR  00000nam a2200000Ia 45e0
=008  250109s9999\\\\xx\\\\\\\\\\\\000\0\und\d
=100  \\$aPartusa, Ritchale D.
=245  \0$aAwareness on the Use of Modern Technology in Fishing Among Small-Scale Fishermen in Clarin, Bohol: An Action Plan
=245  \0$bby Ritchale D. Partusa, Michele T. Orcullo and Cristine T. Aupe
=260  \\$aPoblacion Norte, Clarin
=260  \\$bBISU-Clarin
=260  \\$c2023
=300  \\$aviii, 61 leaves
=700  \\$aAupe, Cristine T.
=700  \\$aOrcullo, Michele T.
=852  \\$aBISU Clarin - Poblacion Norte, Clarin
=876  \\$aBISU-CLC-000007
=876  \\$bBISUCLA-T-2023000217
=876  \\$hFor room use only
=876  \\$jInventoried
=876  \\$tCopy 1

