=LDR  00000nam a2200000Ia 45e0
=008  250109s9999\\\\xx\\\\\\\\\\\\000\0\und\d
=100  \\$aInfiesto, Celmer S.
=245  \0$aAwareness Towards Implementation of Solid Waste Management  in the Coastal Barangays of Clarin
=245  \0$bby Celmer S. Infiesto, Jessica M. Baba, Rosie S. Razo and Kiven Jessie D. Vedra
=260  \\$aPoblacion Norte, Clarin
=260  \\$bBISU-Clarin
=260  \\$c2017
=300  \\$axi, 102 leaves
=700  \\$aBaba, Jessica M.
=700  \\$aRazo, Rosie S.
=700  \\$aVedra, Kiven Jessie D.
=852  \\$aBISU Clarin - Poblacion Norte, Clarin
=876  \\$aBISU-CLC-000008
=876  \\$bBISUCLA-T-2023000218
=876  \\$hFor room use only
=876  \\$jInventoried
=876  \\$tCopy 1

