=LDR  00000nam a2200000Ia 45e0
=008  250109s9999\\\\xx\\\\\\\\\\\\000\0\und\d
=100  \\$aBaring jr., Alejandro C.
=245  \0$aCatch Per Unit Effort of Fishery Resources Caught by Fishermen in Coastal Communities of Inabanga, Bohol: An Action Plan
=245  \0$bby Alejandro C. Baring jr., Leo L. Estorgio and Novie L. Payag
=260  \\$aPoblacion Norte, Clarin
=260  \\$bBISU-Clarin
=260  \\$c2023
=300  \\$ax, 130 leaves
=700  \\$aEstorgio, Leo L.
=700  \\$aPayag, Novie L.
=852  \\$aBISU Clarin - Poblacion Norte, Clarin
=876  \\$aBISU-CLC-000009
=876  \\$bBISUCLA-T-2023000219
=876  \\$hFor room use only
=876  \\$jInventoried
=876  \\$tCopy 1

