=LDR  00000nam a2200000Ia 45e0
=008  250109s9999\\\\xx\\\\\\\\\\\\000\0\und\d
=100  \\$ade la Cerna, Ruby Theresa M.
=245  \0$aClimate Change Awareness and Adaptation Measures by the Fisherfolks of Clarin, Bohol
=245  \0$bby Ruby Theresa M. de la Cerna, Joseph Aldwin E. Centillas, Jeharama R. Rosagaran, and John Ray C. Bautista
=260  \\$aPoblacion Norte, Clarin
=260  \\$bBISU-Clarin
=260  \\$c2015
=300  \\$ax, 72 leaves
=700  \\$aBautista, John Ray C.
=700  \\$aCentillas, Joseph Aldwin E.
=700  \\$aRosagaran, Jeharama R.
=852  \\$aBISU Clarin - Poblacion Norte, Clarin
=876  \\$aBISU-CLC-000010
=876  \\$bBISUCLA-T-2023000220
=876  \\$hFor room use only
=876  \\$jInventoried
=876  \\$tCopy 1

