=LDR  00000nam a2200000Ia 45e0
=008  250109s9999\\\\xx\\\\\\\\\\\\000\0\und\d
=100  \\$aAmad, Lota A.
=245  \0$aCommunity Perception on Water Quality in Caluwasan River, Clari, Bohol: An Action Plan
=245  \0$bby Lota A. Amad, Laijean A. Amad, Johara J. Daro and Josephine B. Mejias
=260  \\$aPoblacion Norte, Clarin
=260  \\$bBISU-Clarin
=260  \\$c2022
=300  \\$aviii, 63 leaves
=700  \\$aAmad, Laijean A.
=700  \\$aDaro, Johara J.
=700  \\$aMejias, Josephine B.
=852  \\$aBISU Clarin - Poblacion Norte, Clarin
=876  \\$aBISU-CLC-000011
=876  \\$bBISUCLA-T-2023000221
=876  \\$hFor room use only
=876  \\$jInventoried
=876  \\$tCopy 1

