=LDR  00000nam a2200000Ia 45e0
=008  250109s9999\\\\xx\\\\\\\\\\\\000\0\und\d
=100  \\$aBalansag, Karen Joy B.
=245  \0$aCommunity Structure of Seagrass in Poblacion Norte, Clarin, Bohol: An Action Plan
=245  \0$bby Karen Joy B. Balansag, Jonna Lou P. Cenabre and Angelie Aspe
=260  \\$aPoblacion Norte, Clarin
=260  \\$bBISU-Clarin
=260  \\$c2023
=300  \\$avii, 73 leaves
=700  \\$aAspe, Angelie
=700  \\$aCenabre, Jonna Lou P.
=852  \\$aBISU Clarin - Poblacion Norte, Clarin
=876  \\$aBISU-CLC-000012
=876  \\$bBISUCLA-T-2023000222
=876  \\$hFor room use only
=876  \\$jInventoried
=876  \\$tCopy 1

