=LDR  00000nam a2200000Ia 45e0
=008  250109s9999\\\\xx\\\\\\\\\\\\000\0\und\d
=100  \\$aMahumot, Ana Marie S.
=245  \0$aComparison of the Socioeconomic Status Between the Oyster Farmers in Cambuhat, Buenavista and Sto. Nino, Inabanga, Bohol: An Action Plan
=245  \0$bby Ana Marie S. Mahumot, Carlo C. Canete and Lino H. Jovita
=260  \\$aPoblacion Norte, Clarin
=260  \\$bBISU-Clarin
=260  \\$c2023
=300  \\$aviii, 73 leaves
=700  \\$aCanete, Carlo C.
=700  \\$aJovita, Lino H.
=852  \\$aBISU Clarin - Poblacion Norte, Clarin
=876  \\$aBISU-CLC-000013
=876  \\$bBISUCLA-T-2023000223
=876  \\$hFor room use only
=876  \\$jInventoried
=876  \\$tCopy 1

