=LDR  00000nam a2200000Ia 45e0
=008  250109s9999\\\\xx\\\\\\\\\\\\000\0\und\d
=100  \\$aCaba, Rosemaelyn C.
=245  \0$aControl of Barnacle Infestation Avicennia Marina Using Different Planting Methods
=245  \0$bby Rosemaelyn C. Caba, Cherry Ann L. Fernandez and Jessa B. Sanchez
=260  \\$aPoblacion Norte, Clarin
=260  \\$bBISU-Clarin
=260  \\$c2019
=300  \\$aviii, 49 leaves
=700  \\$aFernandez, Cherry Ann L.
=700  \\$aSanchez, Jessa B.
=852  \\$aBISU Clarin - Poblacion Norte, Clarin
=876  \\$aBISU-CLC-000014
=876  \\$bBISUCLA-T-2023000224
=876  \\$hFor room use only
=876  \\$jInventoried
=876  \\$tCopy 1

