=LDR  00000nam a2200000Ia 45e0
=008  250109s9999\\\\xx\\\\\\\\\\\\000\0\und\d
=100  \\$aBongato, Desilou T.
=245  \0$aCorn Production in Selected Barangays of Sagbayan, Bohol as Percieved by the Farmers
=245  \0$bby Desilou T. Bongato, Nelly E. Fostanes, Renante S. Alo, Arnel P. Mejias and Wenifredo P. Mier Jr. 
=260  \\$aPoblacion Norte, Clarin
=260  \\$bBISU-Clarin
=260  \\$c2007
=300  \\$axiii, 39 leaves
=700  \\$aAlo, Renante S.
=700  \\$aFostanes, Nelly E.
=700  \\$aMejias, Arnel P.
=700  \\$aMier Jr., Wenifredo P.
=852  \\$aBISU Clarin - Poblacion Norte, Clarin
=876  \\$aBISU-CLC-000015
=876  \\$bBISUCLA-T-2023000225
=876  \\$hFor room use only
=876  \\$jInventoried
=876  \\$tCopy 1

