=LDR  00000nam a2200000Ia 45e0
=008  250109s9999\\\\xx\\\\\\\\\\\\000\0\und\d
=100  \\$aLabapiz, Marichou S.
=245  \0$aDifferent Organic Wastes as Substrate in Vermiculture
=245  \0$bby Marichou S. Labapiz, Leny G. Lastimoso, Elvie D. Legaspo, Ligaya B. Asucan and Evelyn M. Timtim
=260  \\$aPoblacion Norte, Clarin
=260  \\$bBISU-Clarin
=260  \\$c2007
=300  \\$axii, 35 leaves
=700  \\$aAsucan, Ligaya B.
=700  \\$aLastimoso, Leny G.
=700  \\$aLegaspo, Elvie D.
=700  \\$aTimtim, Evelyn M.
=852  \\$aBISU Clarin - Poblacion Norte, Clarin
=876  \\$aBISU-CLC-000016
=876  \\$bBISUCLA-T-2023000226
=876  \\$hFor room use only
=876  \\$jInventoried
=876  \\$tCopy 1

