=LDR  00000nam a2200000Ia 45e0
=008  250109s9999\\\\xx\\\\\\\\\\\\000\0\und\d
=100  \\$aMan-on, Anthony N.
=245  \0$aDisposal Practices and Effectiveness of Solid Waste Management
=245  \0$bby Anthony N. Man-on, Ailen A. Lapure, Zenaida R. Bautista ad Jessa M. Igloso
=260  \\$aPoblacion Norte, Clarin
=260  \\$bBISU-Clarin
=260  \\$c2016
=300  \\$aix, 62 leaves
=700  \\$aBautista, Zenaida R.
=700  \\$aIgloso, Jessa M.
=700  \\$aLapure, Ailen A.
=852  \\$aBISU Clarin - Poblacion Norte, Clarin
=876  \\$aBISU-CLC-000017
=876  \\$bBISUCLA-T-2023000227
=876  \\$hFor room use only
=876  \\$jInventoried
=876  \\$tCopy 1

