=LDR  00000nam a2200000Ia 45e0
=008  250109s9999\\\\xx\\\\\\\\\\\\000\0\und\d
=100  \\$aNavarro, Ma. Luche M.
=245  \0$aEconomic Impact of Calangahan Sustainable Integrated and Agriculture Development (CASIAD) of Sagbayan, Bohol to Farmers
=245  \0$bby Ma. Luche M. Navarro, Werfel M Polestico, Geraldine S. Gudia, Marilee E. Balonga and Dionela T. Tahel
=260  \\$aPoblacion Norte, Clarin
=260  \\$bBISU-Clarin
=260  \\$c2007
=300  \\$axi, 48 leaves
=700  \\$aBalonga, Marilee E.
=700  \\$aGudia, Geraldine S.
=700  \\$aPolestico, Werfel M.
=700  \\$aTahel, Dionela T.
=852  \\$aBISU Clarin - Poblacion Norte, Clarin
=876  \\$aBISU-CLC-000018
=876  \\$bBISUCLA-T-2023000228
=876  \\$hFor room use only
=876  \\$jInventoried
=876  \\$tCopy 1

