=LDR  00000nam a2200000Ia 45e0
=008  250109s9999\\\\xx\\\\\\\\\\\\000\0\und\d
=100  \\$aAnasco, Romel A.
=245  \0$aEffect of Unilateral Eyestalk Ablation in the Fattening of Mud Crab Scylla Serrata (Forskal, 1775)
=245  \0$bby Romel A. Anasco, Desieden D. Dela Rosa, Clifford Jed T. Divinagracia and Arlie Jay C. Degamo
=260  \\$aPoblacion Norte, Clarin
=260  \\$bBISU-Clarin
=260  \\$c2017
=300  \\$aix, 58 leaves
=700  \\$aDegamo, Arlie Jay C.
=700  \\$aDela Rosa, Desieden D.
=700  \\$aDivinagracia, Clifford Jed T.
=852  \\$aBISU Clarin - Poblacion Norte, Clarin
=876  \\$aBISU-CLC-000019
=876  \\$bBISUCLA-T-2023000229
=876  \\$hFor room use only
=876  \\$jInventoried
=876  \\$tCopy 1

