=LDR  00000nam a2200000Ia 45e0
=008  250109s9999\\\\xx\\\\\\\\\\\\000\0\und\d
=100  \\$aGeneralao, Jesselou T.
=245  \0$aEffectiveness of Fishery Policy in Cagawasan, Inabanga, Bohol
=245  \0$bby Jesselou T. Generalao, Maria Toedoresa S. de la Riva, Josalyn I. SanJuan and Maria Mae B. Lenteria
=260  \\$aPoblacion Norte, Clarin
=260  \\$bBISU-Clarin
=260  \\$c2016
=300  \\$ax, 65 leaves
=700  \\$ade la Riva, Maria Toedoresa S.
=700  \\$aLenteria, Maria Mae B.
=700  \\$aSan Juan, Josalyn I.
=852  \\$aBISU Clarin - Poblacion Norte, Clarin
=876  \\$aBISU-CLC-000020
=876  \\$bBISUCLA-T-2023000230
=876  \\$hFor room use only
=876  \\$jInventoried
=876  \\$tCopy 1

