=LDR  00000nam a2200000Ia 45e0
=008  250109s9999\\\\xx\\\\\\\\\\\\000\0\und\d
=100  \\$aLagria, Melanie B.
=245  \0$aEffects of Quarrying Activities to Barangay Sa-a
=245  \0$bby Melanie B. Lagria, Rowena A. Logrono, Jenica S. Dela Torre and Carmelle D. Lahoylahoy
=260  \\$aPoblacion Norte, Clarin
=260  \\$bBISU-Clarin
=260  \\$c2016
=300  \\$aix, 70 leaves
=700  \\$aDela Torre, Jenica S.
=700  \\$aLahoylahoy, Carmelle D.
=700  \\$aLogrono, Rowena A.
=852  \\$aBISU Clarin - Poblacion Norte, Clarin
=876  \\$aBISU-CLC-000021
=876  \\$bBISUCLA-T-2023000231
=876  \\$hFor room use only
=876  \\$jInventoried
=876  \\$tCopy 1

