=LDR  00000nam a2200000Ia 45e0
=008  250109s9999\\\\xx\\\\\\\\\\\\000\0\und\d
=100  \\$aBitalas, Rowena B.
=245  \0$aEffects of the 7.2 Magnitude Earthquake to the Fishing Livelihood in Inabanga, Bohol
=245  \0$bby Rowena B. Bitalas, Maria Roxan E. Samijon, Joan S. Sanchez and Maria Faith C. Frasco
=260  \\$aPoblacion Norte, Clarin
=260  \\$bBISU-Clarin
=260  \\$c2015
=300  \\$axi, 61 leaves
=700  \\$aFrasco, Maria Faith C.
=700  \\$aSamijon, Maria Roxan E.
=700  \\$aSanchez, Joan S.
=852  \\$aBISU Clarin - Poblacion Norte, Clarin
=876  \\$aBISU-CLC-000022
=876  \\$bBISUCLA-T-2023000232
=876  \\$hFor room use only
=876  \\$jInventoried
=876  \\$tCopy 1

