=LDR  00000nam a2200000Ia 45e0
=008  250109s9999\\\\xx\\\\\\\\\\\\000\0\und\d
=100  \\$aAldamia, Recelito D.
=245  \0$aEnvironmental Ordinance Awareness of the Residents of Macaas, Tubigon, Bohol
=245  \0$bby Recelito D. Aldamia, Florie Mae A. Ando, Harizon V. Cristal and Richard P. Opella
=260  \\$aPoblacion Norte, Clarin
=260  \\$bBISU-Clarin
=260  \\$c2015
=300  \\$aix, 65 leaves
=700  \\$aAndo, Florie Mae A.
=700  \\$aCristal, Harizon V.
=700  \\$aOpella, Richard P.
=852  \\$aBISU Clarin - Poblacion Norte, Clarin
=876  \\$aBISU-CLC-000023
=876  \\$bBISUCLA-T-2023000233
=876  \\$hFor room use only
=876  \\$jInventoried
=876  \\$tCopy 1

