=LDR  00000nam a2200000Ia 45e0
=008  250109s9999\\\\xx\\\\\\\\\\\\000\0\und\d
=100  \\$aBoiser, Fritzie S.
=245  \0$aEnvironmental, Economic and Social Contributions of Tourism to Macaas Residents
=245  \0$bby Fritzie S. Boiser, Silarlene C. Sabio and Noel E. Anora
=260  \\$aPoblacion Norte, Clarin
=260  \\$bBISU-Clarin
=260  \\$c2019
=300  \\$aviii, 60 leaves
=700  \\$aAnora, Noel E.
=700  \\$aSabio, Silarlene C.
=852  \\$aBISU Clarin - Poblacion Norte, Clarin
=876  \\$aBISU-CLC-000024
=876  \\$bBISUCLA-T-2023000234
=876  \\$hFor room use only
=876  \\$jInventoried
=876  \\$tCopy 1

