=LDR  00000nam a2200000Ia 45e0
=008  250109s9999\\\\xx\\\\\\\\\\\\000\0\und\d
=100  \\$aMejias, John Wendell M.
=245  \0$aFactors Affecting Farmers' Productivity in Preparing the Fields: Its Implication to Food Supply
=245  \0$bby John Wendell M. Mejias, Roselyn M. Sumalinog, Adsrian A. Sab and Vincent M. Ando
=260  \\$aPoblacion Norte, Clarin
=260  \\$bBISU-Clarin
=260  \\$c2017
=300  \\$aix, 71 leaves
=700  \\$aAndo, Vincent M.
=700  \\$aSab, Adrian A.
=700  \\$aSumalinog, Roselyn M.
=852  \\$aBISU Clarin - Poblacion Norte, Clarin
=876  \\$aBISU-CLC-000025
=876  \\$bBISUCLA-T-2023000235
=876  \\$hFor room use only
=876  \\$jInventoried
=876  \\$tCopy 1

