=LDR  00000nam a2200000Ia 45e0
=008  250109s9999\\\\xx\\\\\\\\\\\\000\0\und\d
=100  \\$aEscartin, Jhun Ramil C.
=245  \0$aFarmer's Perception on Environmental Sustainability of Aquaculture in the Coastal Barangays of Clarin: An Action Plan
=245  \0$bby Jhun Ramil C. Escartin, Nino  V. Cristal and Phil Nino B. Miano
=260  \\$aPoblacion Norte, Clarin
=260  \\$bBISU-Clarin
=260  \\$c2022
=300  \\$aviii, 83 leaves
=700  \\$aCristal, Nino V.
=700  \\$aMiano, Phil Nino B.
=852  \\$aBISU Clarin - Poblacion Norte, Clarin
=876  \\$aBISU-CLC-000026
=876  \\$bBISUCLA-T-2023000236
=876  \\$hFor room use only
=876  \\$jInventoried
=876  \\$tCopy 1

