=LDR  00000nam a2200000Ia 45e0
=008  250109s9999\\\\xx\\\\\\\\\\\\000\0\und\d
=100  \\$aBaritos, Cecilia T.
=245  \0$aFarmers' Perception on the Impact of Deforestation to Agriculture in Barangay San Ramon, Sagbayan, Bohol
=245  \0$bby Cecilia T. Baritos, Jennifer C. Canoy, Evangeline G. San Carlos and Ma. Aliza Grace Rulona
=260  \\$aPoblacion Norte, Clarin
=260  \\$bBISU-Clarin
=260  \\$c2022
=300  \\$aviii, 76 leaves
=700  \\$aCanoy, Jennifer C.
=700  \\$aRulona, Ma. Aliza Grace
=700  \\$aSan Carlos, Evangeline G.
=852  \\$aBISU Clarin - Poblacion Norte, Clarin
=876  \\$aBISU-CLC-000027
=876  \\$bBISUCLA-T-2023000237
=876  \\$hFor room use only
=876  \\$jInventoried
=876  \\$tCopy 1

