=LDR  00000nam a2200000Ia 45e0
=008  250109s9999\\\\xx\\\\\\\\\\\\000\0\und\d
=100  \\$aBetasa, Virgilio B.
=245  \0$aFish Catch Status of the Fisherfolks of Nahawan, Clarin, Bohol Basis for and Improve Coastal Resource Management (CRM) Program
=245  \0$bby Virgilio B. Betasa, Cristopher C. Libante, Joel M. Supieza and Ralp S. Lopez
=260  \\$aPoblacion Norte, Clarin
=260  \\$bBISU-Clarin
=260  \\$c2006
=300  \\$axiii, 59 leaves
=700  \\$aLibante, Cristopher C.
=700  \\$aLopez, Ralp S.
=700  \\$aSupieza, Joel M.
=852  \\$aBISU Clarin - Poblacion Norte, Clarin
=876  \\$aBISU-CLC-000028
=876  \\$bBISUCLA-T-2023000238
=876  \\$hFor room use only
=876  \\$jInventoried
=876  \\$tCopy 1

