=LDR  00000nam a2200000Ia 45e0
=008  250109s9999\\\\xx\\\\\\\\\\\\000\0\und\d
=100  \\$aSuello, Bernadeth T. 
=245  \0$aFish Catch Using Fish Corral in Clarin, Bohol: Implication to Fisheries Management
=245  \0$bby Bernadeth T. Suello, Marianiza A. Navares, Grace Nina C. Jaluag and Zyra Gin M. Tapangan
=260  \\$aPoblacion Norte, Clarin
=260  \\$bBISU-Clarin
=260  \\$c2015
=300  \\$ax, 50 leaves
=700  \\$aJaluag, Grace Nina C.
=700  \\$aNavares, Marianiza A.
=700  \\$aTapangan, Zyra Gin M.
=852  \\$aBISU Clarin - Poblacion Norte, Clarin
=876  \\$aBISU-CLC-000029
=876  \\$bBISUCLA-T-2023000239
=876  \\$hFor room use only
=876  \\$jInventoried
=876  \\$tCopy 1

