=LDR  00000nam a2200000Ia 45e0
=008  250109s9999\\\\xx\\\\\\\\\\\\000\0\und\d
=100  \\$aZoilo, Jun Leo Jay D.
=245  \0$aFisherfolks' Perception on Coastal Resource Management Implementation in Barangay Lawis, Inabanga, Bohol: An Action Plan
=245  \0$bby Jun Leo Jay D. Zoilo, Jexther Logrono, Jovanie Millar and Julius C. Canete
=260  \\$aPoblacion Norte, Clarin
=260  \\$bBISU-Clarin
=260  \\$c2022
=300  \\$aviii, 73 leaves
=700  \\$aCanete, Julius C.
=700  \\$aLogrono, Jexther
=700  \\$aMillar, Jovanie
=852  \\$aBISU Clarin - Poblacion Norte, Clarin
=876  \\$aBISU-CLC-000030
=876  \\$bBISUCLA-T-2023000240
=876  \\$hFor room use only
=876  \\$jInventoried
=876  \\$tCopy 1

