=LDR  00000nam a2200000Ia 45e0
=008  250109s9999\\\\xx\\\\\\\\\\\\000\0\und\d
=100  \\$aLabandera, Julius C.
=245  \0$aFisherman's Awareness Level on Importance of Seagrass Ecosystem in Eastern Cabul-An, Buenavista, Bohol: An Action Plan
=245  \0$bby Julius C. Labandera, Joel J. Janlay Jr. and Ian Jay E. Centillas
=260  \\$aPoblacion Norte, Clarin
=260  \\$bBISU-Clarin
=260  \\$c2022
=300  \\$aviii, 86 leaves
=700  \\$aCentillas, Ian Jay E. 
=700  \\$aJanlay Jr., Joel J.
=852  \\$aBISU Clarin - Poblacion Norte, Clarin
=876  \\$aBISU-CLC-000031
=876  \\$bBISUCLA-T-2023000241
=876  \\$hFor room use only
=876  \\$jInventoried
=876  \\$tCopy 1

