=LDR  00000nam a2200000Ia 45e0
=008  250109s9999\\\\xx\\\\\\\\\\\\000\0\und\d
=100  \\$aNaïve, Marilou R.
=245  \0$aFishermen's Catch Per Fishing Operation in Relation to Mangrove Rehabilitation in Pinamgo, Bien Unido, Bohol
=245  \0$bby Marilou R. Naïve, Fe A. Samante and Mauricio S. Cenita
=260  \\$aPoblacion Norte, Clarin
=260  \\$bBISU-Clarin
=260  \\$c2019
=300  \\$aviii, 54 leaves
=700  \\$aCenita, Mauricio S.
=700  \\$aSamante, Fe A.
=852  \\$aBISU Clarin - Poblacion Norte, Clarin
=876  \\$aBISU-CLC-000032
=876  \\$bBISUCLA-T-2023000242
=876  \\$hFor room use only
=876  \\$jInventoried
=876  \\$tCopy 1

