=LDR  00000nam a2200000Ia 45e0
=008  250109s9999\\\\xx\\\\\\\\\\\\000\0\und\d
=100  \\$aTaburnal, Ara I.
=245  \0$aFishermens' Perception Towards Coastal Resources Managemnet Implementation in Clarin: An Action Plan
=245  \0$bby Ara I. Taburnal, Mera Flor C. Boligao, Jessa R. Feuntes and Yvonne D. Montojo
=260  \\$aPoblacion Norte, Clarin
=260  \\$bBISU-Clarin
=260  \\$c2022
=300  \\$aviii, 89 leaves
=700  \\$aBoligao, Mera Flor C.
=700  \\$aFeuntes, Jessa R.
=700  \\$aMontojo, Yvonne D.
=852  \\$aBISU Clarin - Poblacion Norte, Clarin
=876  \\$aBISU-CLC-000033
=876  \\$bBISUCLA-T-2023000243
=876  \\$hFor room use only
=876  \\$jInventoried
=876  \\$tCopy 1

