=LDR  00000nam a2200000Ia 45e0
=008  250109s9999\\\\xx\\\\\\\\\\\\000\0\und\d
=100  \\$aEstorgio, Meriam D.
=245  \0$aFishers and Fishing Gears in Clarin, Bohol: Implications to Coastal Resource Management
=245  \0$bby Meriam D. Estorgio, Merry Chris A. Pajuleras, Helen T. Memoracion and Sheela Mae B. Anto
=260  \\$aPoblacion Norte, Clarin
=260  \\$bBISU-Clarin
=260  \\$c2015
=300  \\$axi, 81 leaves
=700  \\$aAnto, Sheela Mae B.
=700  \\$aMemoracion, Helen T.
=700  \\$aPajuleras, Merry Chris A.
=852  \\$aBISU Clarin - Poblacion Norte, Clarin
=876  \\$aBISU-CLC-000034
=876  \\$bBISUCLA-T-2023000244
=876  \\$hFor room use only
=876  \\$jInventoried
=876  \\$tCopy 1

