=LDR  00000nam a2200000Ia 45e0
=008  250109s9999\\\\xx\\\\\\\\\\\\000\0\und\d
=100  \\$aSabay, Rodelyn T.
=245  \0$aFishing Methods Used by Fisherman in Clarin, Bohol: An Action Plan
=245  \0$bby Rodelyn T. Sabay, Lieca Jean Dela Torre and Jonniel b. Bioco
=260  \\$aPoblacion Norte, Clarin
=260  \\$bBISU-Clarin
=260  \\$c2022
=300  \\$aviii, 55 leaves
=700  \\$aBioco, Jonniel B.
=700  \\$aDela Torre, Lieca Jean
=852  \\$aBISU Clarin - Poblacion Norte, Clarin
=876  \\$aBISU-CLC-000035
=876  \\$bBISUCLA-T-2023000245
=876  \\$hFor room use only
=876  \\$jInventoried
=876  \\$tCopy 1

