=LDR  00000nam a2200000Ia 45e0
=008  250109s9999\\\\xx\\\\\\\\\\\\000\0\und\d
=100  \\$aGaban, Gloria T.
=245  \0$aGrowth and Adaptability of Mudcrabs Raised in Cage Treated with Kuhol and Tilapia Trash in a Brackishwater Pond
=245  \0$bby Gloria T. Gaban, Erlinda T. Blanquero, Ma. Lyn S. Vitor and Maria Lie P. Ramos
=260  \\$aPoblacion Norte, Clarin
=260  \\$bBISU-Clarin
=260  \\$c2005
=300  \\$axii, 40 leaves
=700  \\$aBlanquero, Erlinda T.
=700  \\$aRamos, Maria Lie P.
=700  \\$aVitor, Ma. Lyn S.
=852  \\$aBISU Clarin - Poblacion Norte, Clarin
=876  \\$aBISU-CLC-000036
=876  \\$bBISUCLA-T-2023000246
=876  \\$hFor room use only
=876  \\$jInventoried
=876  \\$tCopy 1

