=LDR  00000nam a2200000Ia 45e0
=008  250109s9999\\\\xx\\\\\\\\\\\\000\0\und\d
=100  \\$aLaporre, Merce Lee M.
=245  \0$aGrowth and Yield of Corn Intercropped with Peanut as Influenced by Timing of Planting U-OG, Inabanga Condition
=245  \0$bby Merce Lee M. Laporre, Riza V. Melecio, Marina B. Cenabre and Dessila T. Geralde
=260  \\$aPoblacion Norte, Clarin
=260  \\$bBISU-Clarin
=260  \\$c2005
=300  \\$axi, 52 leaves
=700  \\$aCenabre, Marina B.
=700  \\$aGeralde, Dessila T.
=700  \\$aMelecio, Riza V.
=852  \\$aBISU Clarin - Poblacion Norte, Clarin
=876  \\$aBISU-CLC-000037
=876  \\$bBISUCLA-T-2023000247
=876  \\$hFor room use only
=876  \\$jInventoried
=876  \\$tCopy 1

