=LDR  00000nam a2200000Ia 45e0
=008  250109s9999\\\\xx\\\\\\\\\\\\000\0\und\d
=100  \\$aGallego, Alma Fe M.
=245  \0$aGrowth and Yield of Tomatoes (Lycopersicon Esculentum Miller) Using Powdered Oyster Shell as Fertilizer at Different Levels
=245  \0$bby Alma Fe M. Gallego, Ma. Liezel R. Ayenza, Ruchelle Anne P. Cayangyang
=260  \\$aPoblacion Norte, Clarin
=260  \\$bBISU-Clarin
=260  \\$c2016
=300  \\$aviii, 54 leaves
=700  \\$aAyenza, Ma. Liezel R.
=700  \\$aCayangyang, Ruchelle Anne P.
=852  \\$aBISU Clarin - Poblacion Norte, Clarin
=876  \\$aBISU-CLC-000038
=876  \\$bBISUCLA-T-2023000248
=876  \\$hFor room use only
=876  \\$jInventoried
=876  \\$tCopy 1

