=LDR  00000nam a2200000Ia 45e0
=008  250109s9999\\\\xx\\\\\\\\\\\\000\0\und\d
=100  \\$aInferido, Jekeiah C.
=245  \0$aGrowth of Monocultured Caulerpa Lentillifera (Agardh, 1837)
=245  \0$bby Jekeiah C. Inferido, Joan May D. Milar, Rosemaie Jane O. Anabieza and Divine B. Cabido
=260  \\$aPoblacion Norte, Clarin
=260  \\$bBISU-Clarin
=260  \\$c2017
=300  \\$aviii, 55 leaves
=700  \\$aAnabieza, Rosemaie Jane O.
=700  \\$aCabido, Divine B.
=700  \\$aMilar, Joan May D.
=852  \\$aBISU Clarin - Poblacion Norte, Clarin
=876  \\$aBISU-CLC-000039
=876  \\$bBISUCLA-T-2023000249
=876  \\$hFor room use only
=876  \\$jInventoried
=876  \\$tCopy 1

