=LDR  00000nam a2200000Ia 45e0
=008  250109s9999\\\\xx\\\\\\\\\\\\000\0\und\d
=100  \\$aVistal, Gwendoline
=245  \0$aGrowth of Mudcrab (Scylla Serrata) Fed With Horn Snail (Telescopium Telescopium) in Different Treatments: A Techno Guide
=245  \0$bby Gwendoline Vistal, Hearty Mae C. Piezas and Babie Jane C. Arcayos
=260  \\$aPoblacion Norte, Clarin
=260  \\$bBISU-Clarin
=260  \\$c2022
=300  \\$aviii, 64 leaves
=700  \\$aArcayos, Babie Jane C.
=700  \\$aPiezas, Hearty Mae C.
=852  \\$aBISU Clarin - Poblacion Norte, Clarin
=876  \\$aBISU-CLC-000040
=876  \\$bBISUCLA-T-2023000250
=876  \\$hFor room use only
=876  \\$jInventoried
=876  \\$tCopy 1

