=LDR  00000nam a2200000Ia 45e0
=008  250109s9999\\\\xx\\\\\\\\\\\\000\0\und\d
=100  \\$aDe Costo, Jessa F.
=245  \0$aGrowth Rate of Avicennia Marina Planted in  Different Indigenous Pot: An Action Plan
=245  \0$bby Jessa F. De Costo, Bobit L. Amamangpang and Julie C. Doblas
=260  \\$aPoblacion Norte, Clarin
=260  \\$bBISU-Clarin
=260  \\$c2023
=300  \\$aviii, 82 leaves
=700  \\$aAmamangpang, Bobit L.
=700  \\$aDoblas, Julie C.
=852  \\$aBISU Clarin - Poblacion Norte, Clarin
=876  \\$aBISU-CLC-000041
=876  \\$bBISUCLA-T-2023000251
=876  \\$hFor room use only
=876  \\$jInventoried
=876  \\$tCopy 1

