=LDR  00000nam a2200000Ia 45e0
=008  250109s9999\\\\xx\\\\\\\\\\\\000\0\und\d
=100  \\$aOmbajin, Florgen H.
=245  \0$aGrowth Rate of Caulerpa Seaweed (Caulerpa Lentillifera) in the Brackish Water Ponf of CVSCAFT Clarin Campus, Bohol
=245  \0$bby Florgen H. Ombajin, Cel Vincent Teodore M. Angalot, Tanny L. Gerebese and Arven A. Lofranco
=260  \\$aPoblacion Norte, Clarin
=260  \\$bBISU-Clarin
=260  \\$c2009
=300  \\$aix, 42 leaves
=700  \\$aAngalot, Cel Vincent Teodore M.
=700  \\$aGerebese, Tanny L.
=700  \\$aLofranco, Arven A.
=852  \\$aBISU Clarin - Poblacion Norte, Clarin
=876  \\$aBISU-CLC-000042
=876  \\$bBISUCLA-T-2023000252
=876  \\$hFor room use only
=876  \\$jInventoried
=876  \\$tCopy 1

