=LDR  00000nam a2200000Ia 45e0
=008  250109s9999\\\\xx\\\\\\\\\\\\000\0\und\d
=100  \\$aBersabal, Dulce T.
=245  \0$aHousehold Profile and Solid Waste Disposal Practices: Implication to Solid Waste Management
=245  \0$bby Dulce T. Bersabal, Jajara M. Centillas, Fabian Jhon P. Silagan and Ayan C. Jusoy
=260  \\$aPoblacion Norte, Clarin
=260  \\$bBISU-Clarin
=260  \\$c2017
=300  \\$aix, 60 leaves
=700  \\$aCentillas, Jajara M.
=700  \\$aFabian Jhon P. Silagan
=700  \\$aJusoy, Ayan C.
=852  \\$aBISU Clarin - Poblacion Norte, Clarin
=876  \\$aBISU-CLC-000043
=876  \\$bBISUCLA-T-2023000253
=876  \\$hFor room use only
=876  \\$jInventoried
=876  \\$tCopy 1

