=LDR  00000nam a2200000Ia 45e0
=008  250109s9999\\\\xx\\\\\\\\\\\\000\0\und\d
=100  \\$aHurano, Lavic Alexander B.
=245  \0$aImpact of Beach Resorts to the Local Communities in Pangangan, Calape, Bohol: An Action Plan
=245  \0$bby Lavic Alexander B. Hurano, Mariel O. Cabilan and Gregorio P. Petalco Jr.
=260  \\$aPoblacion Norte, Clarin
=260  \\$bBISU-Clarin
=260  \\$c2023
=300  \\$aviii, 83 leaves
=700  \\$aCabilan, Mariel O.
=700  \\$aPetalco Jr., Gregorio P.
=852  \\$aBISU Clarin - Poblacion Norte, Clarin
=876  \\$aBISU-CLC-000044
=876  \\$bBISUCLA-T-2023000254
=876  \\$hFor room use only
=876  \\$jInventoried
=876  \\$tCopy 1

