=LDR  00000nam a2200000Ia 45e0
=008  250109s9999\\\\xx\\\\\\\\\\\\000\0\und\d
=100  \\$aOmbajen, Cindy A.
=245  \0$aImpact of Oyster Farming in Inabanga, Bohol
=245  \0$bby Cindy A. Ombajen, Joylene M. Revilla and Jeffrey M. Cantoba
=260  \\$aPoblacion Norte, Clarin
=260  \\$bBISU-Clarin
=260  \\$c2019
=300  \\$aviii, 58 leaves
=700  \\$aCantoba, Jeffrey M.
=700  \\$aRevilla, Joylene M.
=852  \\$aBISU Clarin - Poblacion Norte, Clarin
=876  \\$aBISU-CLC-000045
=876  \\$bBISUCLA-T-2023000255
=876  \\$hFor room use only
=876  \\$jInventoried
=876  \\$tCopy 1

