=LDR  00000nam a2200000Ia 45e0
=008  250109s9999\\\\xx\\\\\\\\\\\\000\0\und\d
=100  \\$aBitang, Juliet
=245  \0$aImpact of Seaweed Farming (Eucheuma sp.) to the Income of Barangay Asinan Residents
=245  \0$bby Juliet Bitang, Hyshel C. Vistal and Allan A. Estillore
=260  \\$aPoblacion Norte, Clarin
=260  \\$bBISU-Clarin
=260  \\$c2019
=300  \\$aviii, 81 leaves
=700  \\$aEstillore, Allan A.
=700  \\$aVistal, Hyshel C.
=852  \\$aBISU Clarin - Poblacion Norte, Clarin
=876  \\$aBISU-CLC-000046
=876  \\$bBISUCLA-T-2023000256
=876  \\$hFor room use only
=876  \\$jInventoried
=876  \\$tCopy 1

