=LDR  00000nam a2200000Ia 45e0
=008  250109s9999\\\\xx\\\\\\\\\\\\000\0\und\d
=100  \\$aMier, Emelito S.
=245  \0$aIntegrated Pest Management as Practiced by the Farmers of Barangay Bucana, Tubigon, Bohol: Assessment to Rice Production
=245  \0$bby Emelito S. Mier, Genaro V. Anora, Jocelyn M. Oronan and Ma. Wenavil Y. Omani
=260  \\$aPoblacion Norte, Clarin
=260  \\$bBISU-Clarin
=260  \\$c2005
=300  \\$axi, 55 leaves
=700  \\$aAnora, Genaro V.
=700  \\$aOmani, Ma. Wenavil Y.
=700  \\$aOronan, Jocelyn M.
=852  \\$aBISU Clarin - Poblacion Norte, Clarin
=876  \\$aBISU-CLC-000047
=876  \\$bBISUCLA-T-2023000257
=876  \\$hFor room use only
=876  \\$jInventoried
=876  \\$tCopy 1

