=LDR  00000nam a2200000Ia 45e0
=008  250109s9999\\\\xx\\\\\\\\\\\\000\0\und\d
=100  \\$aLugo, Marilyn J.
=245  \0$aInventory of Fish Catch Using Stationary Liftnets (Newlook) in Clarin Water, Clarin, Bohol
=245  \0$bby Marilyn J. Lugo, Madonna M. Quimson, Marlon L. Cambalon Jr. and Teodulo G. Guerva Jr.
=260  \\$aPoblacion Norte, Clarin
=260  \\$bBISU-Clarin
=260  \\$c2014
=300  \\$ax, 56 leaves
=700  \\$aCambalon Jr., Marlon L.
=700  \\$aGuerva Jr., Teodulo G.
=700  \\$aQuimson, Madonna M.
=852  \\$aBISU Clarin - Poblacion Norte, Clarin
=876  \\$aBISU-CLC-000048
=876  \\$bBISUCLA-T-2023000258
=876  \\$hFor room use only
=876  \\$jInventoried
=876  \\$tCopy 1

