=LDR  00000nam a2200000Ia 45e0
=008  250109s9999\\\\xx\\\\\\\\\\\\000\0\und\d
=100  \\$aQuijano, Randel S.
=245  \0$aKnowledge Level of BSES-CRM Students to Mangrove Ecosystem Conservation: An Intervention Plan
=245  \0$bby Randel S. Quijano, Merry Cris P. Naingue and Jecelle E. Degamo
=260  \\$aPoblacion Norte, Clarin
=260  \\$bBISU-Clarin
=260  \\$c2022
=300  \\$aviii, 98 leaves
=700  \\$aDegamo, Jecelle E.
=700  \\$aNaingue, Merry Cris P.
=852  \\$aBISU Clarin - Poblacion Norte, Clarin
=876  \\$aBISU-CLC-000049
=876  \\$bBISUCLA-T-2023000259
=876  \\$hFor room use only
=876  \\$jInventoried
=876  \\$tCopy 1

