=LDR  00000nam a2200000Ia 45e0
=008  250109s9999\\\\xx\\\\\\\\\\\\000\0\und\d
=100  \\$aLacea, Bridget M.
=245  \0$aLength and Weight of Mud Crab (Scylla Serrata) in Different Feeds
=245  \0$bby Bridget M. Lacea, Marlyn C. Torrentira and Nino Pios O. Badilla
=260  \\$aPoblacion Norte, Clarin
=260  \\$bBISU-Clarin
=260  \\$c2019
=300  \\$aviii, 49 leaves
=700  \\$aBadilla, Nino Pios O.
=700  \\$aTorrentira, Marlyn C.
=852  \\$aBISU Clarin - Poblacion Norte, Clarin
=876  \\$aBISU-CLC-000050
=876  \\$bBISUCLA-T-2023000260
=876  \\$hFor room use only
=876  \\$jInventoried
=876  \\$tCopy 1

