=LDR  00000nam a2200000Ia 45e0
=008  250109s9999\\\\xx\\\\\\\\\\\\000\0\und\d
=100  \\$aDangallo, Joyce J.
=245  \0$aLevel of Awareness and Attitudes Towards Ecological Solid Waste Management
=245  \0$bby Joyce J. Dangallo, Emelyn O. Trago, Rialyn Q. Ayento and Jonhe P. Auguis
=260  \\$aPoblacion Norte, Clarin
=260  \\$bBISU-Clarin
=260  \\$c2016
=300  \\$aviii, 68 leaves
=700  \\$aAuguis, Jonhe P.
=700  \\$aAyento, Rialyn Q.
=700  \\$aTrago, Emelyn O.
=852  \\$aBISU Clarin - Poblacion Norte, Clarin
=876  \\$aBISU-CLC-000051
=876  \\$bBISUCLA-T-2023000261
=876  \\$hFor room use only
=876  \\$jInventoried
=876  \\$tCopy 1

