=LDR  00000nam a2200000Ia 45e0
=008  250109s9999\\\\xx\\\\\\\\\\\\000\0\und\d
=100  \\$aAriate, Karen A.
=245  \0$aLevel of Awareness and Participation of Youth Towards Coastal Resource Management in Bonbon, Clarin, Bohol
=245  \0$bby Karen A. Ariate, Joann Mae B. Mejias and Zandra R. Billion
=260  \\$aPoblacion Norte, Clarin
=260  \\$bBISU-Clarin
=260  \\$c2019
=300  \\$aviii, 83 leaves
=700  \\$aBillion, Zandra R.
=700  \\$aMejias, Joann Mae B.
=852  \\$aBISU Clarin - Poblacion Norte, Clarin
=876  \\$aBISU-CLC-000052
=876  \\$bBISUCLA-T-2023000262
=876  \\$hFor room use only
=876  \\$jInventoried
=876  \\$tCopy 1

