=LDR  00000nam a2200000Ia 45e0
=008  250109s9999\\\\xx\\\\\\\\\\\\000\0\und\d
=100  \\$aBitang, Romeo D.
=245  \0$aLocal Adaptation Strategies Towards Sea Level Rise in the Coastal Communities of Clarin, Bohol
=245  \0$bby Romeo D. Bitang, Charmilyn M. Dico and Rosemarie S. Gucur
=260  \\$aPoblacion Norte, Clarin
=260  \\$bBISU-Clarin
=260  \\$c2019
=300  \\$aviii, 62 leaves
=700  \\$aDico, Charmilyn M.
=700  \\$aGucur, Rosemarie S.
=852  \\$aBISU Clarin - Poblacion Norte, Clarin
=876  \\$aBISU-CLC-000053
=876  \\$bBISUCLA-T-2023000263
=876  \\$hFor room use only
=876  \\$jInventoried
=876  \\$tCopy 1

