=LDR  00000nam a2200000Ia 45e0
=008  250109s9999\\\\xx\\\\\\\\\\\\000\0\und\d
=100  \\$aOmana, Darel A.
=245  \0$aLocal Residents' Perception Towards Economic Impact of Ecotourism in Tubigon, Bohol: An Action Plan
=245  \0$bby Darel A. Omana, Jenny Lou P. Mejoras and Reynell M. Mensabella
=260  \\$aPoblacion Norte, Clarin
=260  \\$bBISU-Clarin
=260  \\$c2022
=300  \\$avii, 73 leaves
=700  \\$aMejoras, Jenny Lou P.
=700  \\$aMensabella, Reynell M.
=852  \\$aBISU Clarin - Poblacion Norte, Clarin
=876  \\$aBISU-CLC-000054
=876  \\$bBISUCLA-T-2023000264
=876  \\$hFor room use only
=876  \\$jInventoried
=876  \\$tCopy 1

