=LDR  00000nam a2200000Ia 45e0
=008  250109s9999\\\\xx\\\\\\\\\\\\000\0\und\d
=100  \\$aLumictin, Ruben A.
=245  \0$aManagement Practices and Benefits of Fish Sanctuary
=245  \0$bby Ruben A. Lumictin, Jeanette A. Anunciado, Geraldine I. Ombing and Charlene E. Villaflores
=260  \\$aPoblacion Norte, Clarin
=260  \\$bBISU-Clarin
=260  \\$c2016
=300  \\$aviii, 68 leaves
=700  \\$aAnunciado, Jeanette A. 
=700  \\$aOmbing, Geraldine I.
=700  \\$aVillaflores, Charlene E.
=852  \\$aBISU Clarin - Poblacion Norte, Clarin
=876  \\$aBISU-CLC-000055
=876  \\$bBISUCLA-T-2023000265
=876  \\$hFor room use only
=876  \\$jInventoried
=876  \\$tCopy 1

