=LDR  00000nam a2200000Ia 45e0
=008  250109s9999\\\\xx\\\\\\\\\\\\000\0\und\d
=100  \\$aRemedio, Maria Cecil B.
=245  \0$aMangrove Community Structure in Barangay Tangaran, Clarin, Bohol, Implication to Coastal Resource Management
=245  \0$bby Maria Cecil B. Remedio, Marriel V. Carguez, Annalou D. Polinar and Maria Nica R. Rosagaran
=260  \\$aPoblacion Norte, Clarin
=260  \\$bBISU-Clarin
=260  \\$c2015
=300  \\$aix, 66 leaves
=700  \\$aCarguez, Marriel V. 
=700  \\$aPolinar, Annalou D.
=700  \\$aRosagaran, Maria Nica R. 
=852  \\$aBISU Clarin - Poblacion Norte, Clarin
=876  \\$aBISU-CLC-000056
=876  \\$bBISUCLA-T-2023000266
=876  \\$hFor room use only
=876  \\$jInventoried
=876  \\$tCopy 1

