=LDR  00000nam a2200000Ia 45e0
=008  250109s9999\\\\xx\\\\\\\\\\\\000\0\und\d
=100  \\$aBukiron, Claire A.
=245  \0$aMangrove Community Structure in Poblacion Norte, Clarin, Bohol: An Intervention Plan
=245  \0$bby Claire A. Bukiron, Via Ceniza and Kim Francis G. Romulo
=260  \\$aPoblacion Norte, Clarin
=260  \\$bBISU-Clarin
=260  \\$c2023
=300  \\$aviii, 129 leaves
=700  \\$aCeniza, Via
=700  \\$aRomulo, Kim Francis G. 
=852  \\$aBISU Clarin - Poblacion Norte, Clarin
=876  \\$aBISU-CLC-000057
=876  \\$bBISUCLA-T-2023000269
=876  \\$hFor room use only
=876  \\$jInventoried
=876  \\$tCopy 1

