=LDR  00000nam a2200000Ia 45e0
=008  250109s9999\\\\xx\\\\\\\\\\\\000\0\und\d
=100  \\$aMejares, Michelle V.
=245  \0$aMangrove Reforestation Project in Pangangan Island, Calape, Bohol
=245  \0$bby Michelle V. Mejares, Benito O. Viodor, Nino J. Mediano, Roel C. Ybanez, Joffrey S. Cenita and Teofanes P. Labadia, Jr.
=260  \\$aPoblacion Norte, Clarin
=260  \\$bBISU-Clarin
=260  \\$c2012
=300  \\$axii, 82 leaves
=700  \\$aCenita, Joffrey S.
=700  \\$aLabadia, Jr., Teofanes P.
=700  \\$aMediano, Nino J.
=700  \\$aViodor, Benito O.
=700  \\$aYbanez, Roel C.
=852  \\$aBISU Clarin - Poblacion Norte, Clarin
=876  \\$aBISU-CLC-000058
=876  \\$bBISUCLA-T-2023000270
=876  \\$hFor room use only
=876  \\$jInventoried
=876  \\$tCopy 1

