=LDR  00000nam a2200000Ia 45e0
=008  250109s9999\\\\xx\\\\\\\\\\\\000\0\und\d
=100  \\$aAparacio Jr., Teofilo P.
=245  \0$aMangrove Species Diversity in Barangays Lajog and Nahawan: Implication to Habitat Management
=245  \0$bby Teofilo P. Aparacio Jr., Edelin T. Gare, Joan A. Perote and Ronna Grace S. Patayan
=260  \\$aPoblacion Norte, Clarin
=260  \\$bBISU-Clarin
=260  \\$c2017
=300  \\$aix, 52 leaves
=700  \\$aGare, Edelin T.
=700  \\$aPatayan, Ronna Grace S.
=700  \\$aPerote, Joan A.
=852  \\$aBISU Clarin - Poblacion Norte, Clarin
=876  \\$aBISU-CLC-000059
=876  \\$bBISUCLA-T-2023000271
=876  \\$hFor room use only
=876  \\$jInventoried
=876  \\$tCopy 1

