=LDR  00000nam a2200000Ia 45e0
=008  250109s9999\\\\xx\\\\\\\\\\\\000\0\und\d
=100  \\$aLibardo, Alaisa P.
=245  \0$aMangrove Species Diversity in San Isidro, Calape, Bohol: An Action Plan
=245  \0$bby Alaisa P. Libardo, Charie C. Matunhay and Rasel Me M. Agang
=260  \\$aPoblacion Norte, Clarin
=260  \\$bBISU-Clarin
=260  \\$c2023
=300  \\$aviii, 69 leaves
=700  \\$aAgang, Rasel Me M.
=700  \\$aMatunhay, Charie C.
=852  \\$aBISU Clarin - Poblacion Norte, Clarin
=876  \\$aBISU-CLC-000060
=876  \\$bBISUCLA-T-2023000272
=876  \\$hFor room use only
=876  \\$jInventoried
=876  \\$tCopy 1

