=LDR  00000nam a2200000Ia 45e0
=008  250109s9999\\\\xx\\\\\\\\\\\\000\0\und\d
=100  \\$aMigue, Albert S.
=245  \0$aMethods of Breaking Seed Dormancy on the Germination of Narra Tree
=245  \0$bby Albert S. Migue, Roel E. Tinohora, Romulo V. Cosip and Rogelio O. Relantos Jr.
=260  \\$aPoblacion Norte, Clarin
=260  \\$bBISU-Clarin
=260  \\$c2005
=300  \\$axii, 45 leaves
=700  \\$aCosip, Romulo V.
=700  \\$aRelantos Jr., Rogelio O.
=700  \\$aTinohora, Roel E.
=852  \\$aBISU Clarin - Poblacion Norte, Clarin
=876  \\$aBISU-CLC-000061
=876  \\$bBISUCLA-T-2023000273
=876  \\$hFor room use only
=876  \\$jInventoried
=876  \\$tCopy 1

