=LDR  00000nam a2200000Ia 45e0
=008  250109s9999\\\\xx\\\\\\\\\\\\000\0\und\d
=100  \\$aMahumot, Joel S.
=245  \0$aMode of Dissemination and Level of Awareness Towards Fishery Policy
=245  \0$bby Joel S. Mahumot, Lowelyn L. Celocia, Lynde Rose C. Calape, Rito M. Aparece and Lea Jean D. Zoilo
=260  \\$aPoblacion Norte, Clarin
=260  \\$bBISU-Clarin
=260  \\$c2017
=300  \\$ax, 63 leaves
=700  \\$aAparece, Rito M.
=700  \\$aCalape, Lynde Rose C.
=700  \\$aCelocia, Lowelyn L.
=700  \\$aZoilo, Lea Jean D.
=852  \\$aBISU Clarin - Poblacion Norte, Clarin
=876  \\$aBISU-CLC-000062
=876  \\$bBISUCLA-T-2023000274
=876  \\$hFor room use only
=876  \\$jInventoried
=876  \\$tCopy 1

