=LDR  00000nam a2200000Ia 45e0
=008  250109s9999\\\\xx\\\\\\\\\\\\000\0\und\d
=100  \\$aSinsano, Rejay G.
=245  \0$aMud Crab (Scylla Olivacea) Fattening Treated with Golden Apple Snail (Pomacea Cannaliculata) and Trash Fish as Feeds
=245  \0$bby Rejay G. Sinsano, Mary Ann M. Enriquez, Charamae N. Estose and Nancy T. Evardo
=260  \\$aPoblacion Norte, Clarin
=260  \\$bBISU-Clarin
=260  \\$c2016
=300  \\$aviii, 51 leaves
=700  \\$aEnriquez, Mary Ann M.
=700  \\$aEstose, Charamae N.
=700  \\$aEvardo, Nancy T.
=852  \\$aBISU Clarin - Poblacion Norte, Clarin
=876  \\$aBISU-CLC-000063
=876  \\$bBISUCLA-T-2023000275
=876  \\$hFor room use only
=876  \\$jInventoried
=876  \\$tCopy 1

