=LDR  00000nam a2200000Ia 45e0
=008  250109s9999\\\\xx\\\\\\\\\\\\000\0\und\d
=100  \\$aMulos, Rehuel G.
=245  \0$aPercent Cover of Seagrass Community in Barangay Tangaran, Clarin, Bohol
=245  \0$bby Rehuel G. Mulos, Rey Marc L. Patayan, Felix E. Anora and Nino Jhon C. Solamin
=260  \\$aPoblacion Norte, Clarin
=260  \\$bBISU-Clarin
=260  \\$c2015
=300  \\$aix, 46 leaves
=700  \\$aAnora, Felix E.
=700  \\$aPatayan, Rey Marc L.
=700  \\$aSolamin, Nino Jhon C.
=852  \\$aBISU Clarin - Poblacion Norte, Clarin
=876  \\$aBISU-CLC-000064
=876  \\$bBISUCLA-T-2023000276
=876  \\$hFor room use only
=876  \\$jInventoried
=876  \\$tCopy 1

