=LDR  00000nam a2200000Ia 45e0
=008  250109s9999\\\\xx\\\\\\\\\\\\000\0\und\d
=100  \\$aMelencion, Deejay P.
=245  \0$aPerception of Adaptor and Non-Adoptor Farmers Towards Organic Fertilizer in Barangay Baogo, Inabanga, Bohol: An Action Plan
=245  \0$bby Deejay P. Melencion, Dondon M. Sobretodo and Ronel N. Bautista
=260  \\$aPoblacion Norte, Clarin
=260  \\$bBISU-Clarin
=260  \\$c2022
=300  \\$aviii, 50 leaves
=700  \\$aBautista, Ronel N.
=700  \\$aSobretodo, Dondon M.
=852  \\$aBISU Clarin - Poblacion Norte, Clarin
=876  \\$aBISU-CLC-000065
=876  \\$bBISUCLA-T-2023000277
=876  \\$hFor room use only
=876  \\$jInventoried
=876  \\$tCopy 1

