=LDR  00000nam a2200000Ia 45e0
=008  250109s9999\\\\xx\\\\\\\\\\\\000\0\und\d
=100  \\$aLungay, Jhonrey O. 
=245  \0$aPerception of BSES-CRM Students on Vermicomposting: An Action Plan
=245  \0$bby Jhonrey O. Lungay, Arnel J. Estrada and Severino S. Casol Jr.
=260  \\$aPoblacion Norte, Clarin
=260  \\$bBISU-Clarin
=260  \\$c2022
=300  \\$aviii, 65 leaves
=700  \\$aCasol Jr., Severino S.
=700  \\$aEstrada, Arnel J.
=852  \\$aBISU Clarin - Poblacion Norte, Clarin
=876  \\$aBISU-CLC-000066
=876  \\$bBISUCLA-T-2023000278
=876  \\$hFor room use only
=876  \\$jInventoried
=876  \\$tCopy 1

