=LDR  00000nam a2200000Ia 45e0
=008  250109s9999\\\\xx\\\\\\\\\\\\000\0\und\d
=100  \\$aDongel Jr., Daniel C.
=245  \0$aPerception of Fisherfolks Towards marine Protected Area in Asinan, Buenavista, Bohol
=245  \0$bby Daniel C. Dongel Jr., Leonita B. Lopez, Rey T. Monton and Jonabel M. Dayangco
=260  \\$aPoblacion Norte, Clarin
=260  \\$bBISU-Clarin
=260  \\$c2016
=300  \\$aix, 73 leaves
=700  \\$aDayangco, Jonabel M.
=700  \\$aLopez, Leonita B.
=700  \\$aMonton, Rey T.
=852  \\$aBISU Clarin - Poblacion Norte, Clarin
=876  \\$aBISU-CLC-000067
=876  \\$bBISUCLA-T-2023000279
=876  \\$hFor room use only
=876  \\$jInventoried
=876  \\$tCopy 1

