=LDR  00000nam a2200000Ia 45e0
=008  250109s9999\\\\xx\\\\\\\\\\\\000\0\und\d
=100  \\$aZafra, Sheila Mae O.
=245  \0$aPerception of Fisherfolks Towards Marine Protected Area Productivity
=245  \0$bby Sheila Mae O. Zafra, Jhona Marie T. Aper, Marie Criss M. Salera and Niel G. Nineria
=260  \\$aPoblacion Norte, Clarin
=260  \\$bBISU-Clarin
=260  \\$c2016
=300  \\$ax, 71 leaves
=700  \\$aAper, Jhona Marie T.
=700  \\$aNineria, Niel G.
=700  \\$aSalera, Marie Criss M. 
=852  \\$aBISU Clarin - Poblacion Norte, Clarin
=876  \\$aBISU-CLC-000068
=876  \\$bBISUCLA-T-2023000280
=876  \\$hFor room use only
=876  \\$jInventoried
=876  \\$tCopy 1

