=LDR  00000nam a2200000Ia 45e0
=008  250109s9999\\\\xx\\\\\\\\\\\\000\0\und\d
=100  \\$aRestauro, Junrey S. 
=245  \0$aPractices and Problems in the Implementation of Fish Sanctuary in Barangay Tangaran, Clarin, Bohol
=245  \0$bby Junrey S. Restauro, Mar John A. Piencenaves, Rolando Y. Infiesto Jr. and Ruby John A. Noval
=260  \\$aPoblacion Norte, Clarin
=260  \\$bBISU-Clarin
=260  \\$c2016
=300  \\$aix, 63 leaves
=700  \\$aInfiesto Jr., Rolando Y.
=700  \\$aNoval, Ruby John A. 
=700  \\$aPiencenaves, Mar John A.
=852  \\$aBISU Clarin - Poblacion Norte, Clarin
=876  \\$aBISU-CLC-000069
=876  \\$bBISUCLA-T-2023000281
=876  \\$hFor room use only
=876  \\$jInventoried
=876  \\$tCopy 1

