=LDR  00000nam a2200000Ia 45e0
=008  250109s9999\\\\xx\\\\\\\\\\\\000\0\und\d
=100  \\$aBarrete, Mylene G.
=245  \0$aProblems and Needs of Farmers in Buangan, Clarin, Bohol: Proposed Program for Agricultural Improvement
=245  \0$bby Mylene G. Barrete, Gene M. Celestra and Mary Gretel L. Ceniza
=260  \\$aPoblacion Norte, Clarin
=260  \\$bBISU-Clarin
=260  \\$c2003
=300  \\$aviii, 50 leaves
=700  \\$aCelestra, Gene M.
=700  \\$aCeniza, Mary Gretel L.
=852  \\$aBISU Clarin - Poblacion Norte, Clarin
=876  \\$aBISU-CLC-000070
=876  \\$bBISUCLA-T-2023000282
=876  \\$hFor room use only
=876  \\$jInventoried
=876  \\$tCopy 1

