=LDR  00000nam a2200000Ia 45e0
=008  250109s9999\\\\xx\\\\\\\\\\\\000\0\und\d
=100  \\$aBolo, Ma. Nicelle C.
=245  \0$aReduced Levels of Humus and Chicken Dung to Growth and Yield of Sweet Pepper (Capsicum Anumm Linn)
=245  \0$bby Ma. Nicelle C. Bolo, Charies R. Fajardo, Mariel P. Guda, Marilou D. Sumalinog and Jigger E. Pongcol
=260  \\$aPoblacion Norte, Clarin
=260  \\$bBISU-Clarin
=260  \\$c2006
=300  \\$axi, 46 leaves
=700  \\$aFajardo, Charies R.
=700  \\$aGuda, Mariel P.
=700  \\$aPongcol, Jigger E.
=700  \\$aSumalinog, Marilou D.
=852  \\$aBISU Clarin - Poblacion Norte, Clarin
=876  \\$aBISU-CLC-000071
=876  \\$bBISUCLA-T-2023000283
=876  \\$hFor room use only
=876  \\$jInventoried
=876  \\$tCopy 1

