=LDR  00000nam a2200000Ia 45e0
=008  250109s9999\\\\xx\\\\\\\\\\\\000\0\und\d
=100  \\$aOlmoguez, Meriam May H.
=245  \0$aResidents' Excreta Disposal Behavior in Barangay Tungod, Inabanga, Bohol: An Action Plan
=245  \0$bby Meriam May H. Olmoguez, Abhie Grace P. Petalco, Milken Betinol and Bernond Lee Torreon
=260  \\$aPoblacion Norte, Clarin
=260  \\$bBISU-Clarin
=260  \\$c2022
=300  \\$avii , 53 leaves
=700  \\$aBetinol, Milken
=700  \\$aPetalco, Abhie Grace P.
=700  \\$aTorreon, Bernond Lee
=852  \\$aBISU Clarin - Poblacion Norte, Clarin
=876  \\$aBISU-CLC-000072
=876  \\$bBISUCLA-T-2023000284
=876  \\$hFor room use only
=876  \\$jInventoried
=876  \\$tCopy 1

