=LDR  00000nam a2200000Ia 45e0
=008  250109s9999\\\\xx\\\\\\\\\\\\000\0\und\d
=100  \\$aBajog, Delia P.
=245  \0$aRice Farming Practices of the People in Bacani, Clarin, Bohol: Proposed Program for Development
=245  \0$bby Delia P. Bajog, Melanie D. Amatiaga and Judelyn A. Centinales
=260  \\$aPoblacion Norte, Clarin
=260  \\$bBISU-Clarin
=260  \\$c2005
=300  \\$aix, 50 leaves
=700  \\$aAmatiaga, Melanie D.
=700  \\$aCentinales, Judelyn A.
=852  \\$aBISU Clarin - Poblacion Norte, Clarin
=876  \\$aBISU-CLC-000073
=876  \\$bBISUCLA-T-2023000285
=876  \\$hFor room use only
=876  \\$jInventoried
=876  \\$tCopy 1

