=LDR  00000nam a2200000Ia 45e0
=008  250109s9999\\\\xx\\\\\\\\\\\\000\0\und\d
=100  \\$aAnora, Mechelle S. 
=245  \0$aSeaweed (Caulerpa Lentillifera) Production Using Three Levels of Planting Interval in Brackish Water Fishpond
=245  \0$bby Mechelle S. Anora, Ciara Mae A. Pajuleras, Rosemarie M. Nino and Johnlee V. Bustalino
=260  \\$aPoblacion Norte, Clarin
=260  \\$bBISU-Clarin
=260  \\$c2016
=300  \\$aviii, 81 leaves
=700  \\$aBustalino, Johnlee V.
=700  \\$aNino, Rosemarie M.
=700  \\$aPajuleras, Ciara Mae A.
=852  \\$aBISU Clarin - Poblacion Norte, Clarin
=876  \\$aBISU-CLC-000074
=876  \\$bBISUCLA-T-2023000286
=876  \\$hFor room use only
=876  \\$jInventoried
=876  \\$tCopy 1

