=LDR  00000nam a2200000Ia 45e0
=008  250109s9999\\\\xx\\\\\\\\\\\\000\0\und\d
=100  \\$aTero, Kate M.
=245  \0$aSocio Economic Profile of Oyster Farmers in Inabanga, Bohol: Action Plan
=245  \0$bby Kate M. Tero, Ehdrie Jane E. Betinol, Jannelle C. Casquijo and Mark Zeus A. Gudez
=260  \\$aPoblacion Norte, Clarin
=260  \\$bBISU-Clarin
=260  \\$c2022
=300  \\$aviii, 68 leaves
=700  \\$aBetinol, Ehdrie Jane E.
=700  \\$aCasquijo, Jannelle C.
=700  \\$aGudez, Mark Zeus A.
=852  \\$aBISU Clarin - Poblacion Norte, Clarin
=876  \\$aBISU-CLC-000075
=876  \\$bBISUCLA-T-2023000287
=876  \\$hFor room use only
=876  \\$jInventoried
=876  \\$tCopy 1

