=LDR  00000nam a2200000Ia 45e0
=008  250109s9999\\\\xx\\\\\\\\\\\\000\0\und\d
=100  \\$aCacuevas, Larabelle T.
=245  \0$aSocio Economic Status of Tilapia Farmers in Clarin, Bohol
=245  \0$bby Larabelle T. Cacuevas, Celmar P. Bantigue. Gemma B. Rubin and Angelica P. Tirol
=260  \\$aPoblacion Norte, Clarin
=260  \\$bBISU-Clarin
=260  \\$c2022
=300  \\$aviii, 62 leaves
=700  \\$aBantigue, Celmar P. 
=700  \\$aRubin, Gemma B.
=700  \\$aTirol, Angelica P.
=852  \\$aBISU Clarin - Poblacion Norte, Clarin
=876  \\$aBISU-CLC-000076
=876  \\$bBISUCLA-T-2023000288
=876  \\$hFor room use only
=876  \\$jInventoried
=876  \\$tCopy 1

