=LDR  00000nam a2200000Ia 45e0
=008  250109s9999\\\\xx\\\\\\\\\\\\000\0\und\d
=100  \\$aMancha, L. Rose Mitch Y.
=245  \0$aSolid Waste Management Knowledge, Attitude, and Practices Among Coastal Barangays of Clarin, Bohol: An Action Plan
=245  \0$bby L. Rose Mitch Y. Mancha, Camille Grace B. Auguis and Christine A. Omana
=260  \\$aPoblacion Norte, Clarin
=260  \\$bBISU-Clarin
=260  \\$c2023
=300  \\$aviii, 81 leaves
=700  \\$aAuguis, Camille Grace B.
=700  \\$aOmana, Christine A.
=852  \\$aBISU Clarin - Poblacion Norte, Clarin
=876  \\$aBISU-CLC-000077
=876  \\$bBISUCLA-T-2023000289
=876  \\$hFor room use only
=876  \\$jInventoried
=876  \\$tCopy 1

