=LDR  00000nam a2200000Ia 45e0
=008  250109s9999\\\\xx\\\\\\\\\\\\000\0\und\d
=100  \\$aVedra, Nina Jane M.
=245  \0$aSpecies Composition and Abundance of Class Echinoilea in Batasan Island, Tubigon, Bohol
=245  \0$bby Nina Jane M. Vedra, Jade D. Anora, Rowela A. Cabag and Leonilo V. Lanas
=260  \\$aPoblacion Norte, Clarin
=260  \\$bBISU-Clarin
=260  \\$c2019
=300  \\$aviii, 67 leaves
=700  \\$aAnora, Jade D.
=700  \\$aCabag, Rowela A.
=700  \\$aLanas, Leonilo V.
=852  \\$aBISU Clarin - Poblacion Norte, Clarin
=876  \\$aBISU-CLC-000078
=876  \\$bBISUCLA-T-2023000290
=876  \\$hFor room use only
=876  \\$jInventoried
=876  \\$tCopy 1

