=LDR  00000nam a2200000Ia 45e0
=008  250109s9999\\\\xx\\\\\\\\\\\\000\0\und\d
=100  \\$aDinoy, Ma. Cristel A.
=245  \0$aSpecies Composition and Abundance of Gastropods in Intertidal Area of Macaas, Tubigon, Bohol
=245  \0$bby Ma. Cristel A. Dinoy, Mary Grace S. Dayuha and John Ryan O. Mara
=260  \\$aPoblacion Norte, Clarin
=260  \\$bBISU-Clarin
=260  \\$c2019
=300  \\$aviii, 60 leaves
=700  \\$aDayuha, Mary Grace S.
=700  \\$aMara, John Ryan O.
=852  \\$aBISU Clarin - Poblacion Norte, Clarin
=876  \\$aBISU-CLC-000079
=876  \\$bBISUCLA-T-2023000291
=876  \\$hFor room use only
=876  \\$jInventoried
=876  \\$tCopy 1

