=LDR  00000nam a2200000Ia 45e0
=008  250109s9999\\\\xx\\\\\\\\\\\\000\0\und\d
=100  \\$aEstillore, Hyde L.
=245  \0$aSpecies Composition and Catch Per Unit Effort of the Fishermens' Catch in San Isidro, Inabanga, Bohol Using Different Fishing Gears: An Action Plan
=245  \0$bby Hyde L. Estillore, Jessamae N. Milar, Darleen M. Mellorida and Marknel M. Petalcorin
=260  \\$aPoblacion Norte, Clarin
=260  \\$bBISU-Clarin
=260  \\$c2022
=300  \\$aix, 67 leaves
=700  \\$aMellorida, Darleen M.
=700  \\$aMilar, Jessamae N.
=700  \\$aPetalcorin, Marknel M.
=852  \\$aBISU Clarin - Poblacion Norte, Clarin
=876  \\$aBISU-CLC-000080
=876  \\$bBISUCLA-T-2023000292
=876  \\$hFor room use only
=876  \\$jInventoried
=876  \\$tCopy 1

