=LDR  00000nam a2200000Ia 45e0
=008  250109s9999\\\\xx\\\\\\\\\\\\000\0\und\d
=100  \\$aVito, Jundie L.
=245  \0$aSpecies Composition and Diversity of Macroinvertibrates in Canmaya Stream, Sagbayan, Bohol: An Action Plan
=245  \0$bby Jundie L. Vito, Rosalie R. Anasco and Junelyn T. Damos
=260  \\$aPoblacion Norte, Clarin
=260  \\$bBISU-Clarin
=260  \\$c2023
=300  \\$aviii, 86 leaves
=700  \\$aAnasco, Rosalie R.
=700  \\$aDamos, Junelyn T.
=852  \\$aBISU Clarin - Poblacion Norte, Clarin
=876  \\$aBISU-CLC-000081
=876  \\$bBISUCLA-T-2023000293
=876  \\$hFor room use only
=876  \\$jInventoried
=876  \\$tCopy 1

