=LDR  00000nam a2200000Ia 45e0
=008  250109s9999\\\\xx\\\\\\\\\\\\000\0\und\d
=100  \\$aPacatang Jr., Leonardo S.
=245  \0$aSpecies Composition and Percent Cover of Seagrasses in Macaas, Tubigon, Bohol
=245  \0$bby Leonardo S. Pacatang Jr., Jelina M. Duterte and Kenneth R. Fuentes
=260  \\$aPoblacion Norte, Clarin
=260  \\$bBISU-Clarin
=260  \\$c2019
=300  \\$avii, 71 leaves
=700  \\$aDuterte, Jelina M.
=700  \\$aFuentes, Kenneth R.
=852  \\$aBISU Clarin - Poblacion Norte, Clarin
=876  \\$aBISU-CLC-000082
=876  \\$bBISUCLA-T-2023000294
=876  \\$hFor room use only
=876  \\$jInventoried
=876  \\$tCopy 1

