=LDR  00000nam a2200000Ia 45e0
=008  250109s9999\\\\xx\\\\\\\\\\\\000\0\und\d
=100  \\$aPolinar, Manillene G.
=245  \0$aSpecies Composition and Status of Bivalves in the Intertidal Area of Tanghaligue, Talibon, Bohol: An Action Plan
=245  \0$bby Manillene G. Polinar, Allan L. Goc-ong, Mark Jay S. Camposo and Stephen Jun C. Sabio
=260  \\$aPoblacion Norte, Clarin
=260  \\$bBISU-Clarin
=260  \\$c2023
=300  \\$aix, 77 leaves
=700  \\$aCamposo, Mark Jay S.
=700  \\$aGoc-ong, Allan L.
=700  \\$aSabio, Stephen Jun C.
=852  \\$aBISU Clarin - Poblacion Norte, Clarin
=876  \\$aBISU-CLC-000083
=876  \\$bBISUCLA-T-2023000295
=876  \\$hFor room use only
=876  \\$jInventoried
=876  \\$tCopy 1

