=LDR  00000nam a2200000Ia 45e0
=008  250109s9999\\\\xx\\\\\\\\\\\\000\0\und\d
=100  \\$aMula, Eden M. 
=245  \0$aSpecies Composition, Population Density and Abundance of Mangroves in the Abandoned Fishpond of Lawis, Inabanga, Bohol
=245  \0$bby Eden M. Mula, Jollive D. Remulta and Vincent N. Melecio
=260  \\$aPoblacion Norte, Clarin
=260  \\$bBISU-Clarin
=260  \\$c2019
=300  \\$aviii, 67 leaves
=700  \\$aMelecio, Vincent N.
=700  \\$aRemulta, Jollive D. 
=852  \\$aBISU Clarin - Poblacion Norte, Clarin
=876  \\$aBISU-CLC-000084
=876  \\$bBISUCLA-T-2023000296
=876  \\$hFor room use only
=876  \\$jInventoried
=876  \\$tCopy 1

