=LDR  00000nam a2200000Ia 45e0
=008  250109s9999\\\\xx\\\\\\\\\\\\000\0\und\d
=100  \\$aAlisaca, Jade A.
=245  \0$aStatus of Bangus Fry Collection in the Coastal Waters of Loon and Tagbilaran City
=245  \0$bby Jade A. Alisaca, Ramonita B. Buhayang, Julie Fe O. Dacles, Gomelda I. Masbate and Annamarie P. Salutan
=260  \\$aPoblacion Norte, Clarin
=260  \\$bBISU-Clarin
=260  \\$c2006
=300  \\$axii, 57 leaves
=700  \\$aBuhayang, Ramonita B. 
=700  \\$aDacles, Julie Fe O.
=700  \\$aMasbate, Gomelda I. 
=700  \\$aSalutan, Annamarie P.
=852  \\$aBISU Clarin - Poblacion Norte, Clarin
=876  \\$aBISU-CLC-000085
=876  \\$bBISUCLA-T-2023000297
=876  \\$hFor room use only
=876  \\$jInventoried
=876  \\$tCopy 1

