=LDR  00000nam a2200000Ia 45e0
=008  250109s9999\\\\xx\\\\\\\\\\\\000\0\und\d
=100  \\$aAparicio, Irene L.
=245  \0$aStatus of Fishery Resources in Clarin, Bohol
=245  \0$bby Irene L. Aparicio, Rosemie M. Andamon and Wenzel Gabriel S. Bravo
=260  \\$aPoblacion Norte, Clarin
=260  \\$bBISU-Clarin
=260  \\$c2019
=300  \\$avii, 76 leaves
=700  \\$aAndamon, Rosemie M.
=700  \\$aBravo, Wenzel Gabriel S.
=852  \\$aBISU Clarin - Poblacion Norte, Clarin
=876  \\$aBISU-CLC-000086
=876  \\$bBISUCLA-T-2023000298
=876  \\$hFor room use only
=876  \\$jInventoried
=876  \\$tCopy 1

