=LDR  00000nam a2200000Ia 45e0
=008  250109s9999\\\\xx\\\\\\\\\\\\000\0\und\d
=100  \\$aRulida, Josebeth B.
=245  \4$aThe Effect of Beach-Cast Wrack (Laguno) to the Growth of Spring Onions Allium Sp. (Linnaeus, 1753)
=245  \0$bby Josebeth B. Rulida, JP Estrella A. Degamo, Merazol M. Palma, Jestony C. Celis and Rochie A. Jusoy
=260  \\$aPoblacion Norte, Clarin
=260  \\$bBISU-Clarin
=260  \\$c2017
=300  \\$ax, 61 leaves
=700  \\$aCelis, Jestony C.
=700  \\$aDegamo, JP Estrella A.
=700  \\$aJusoy, Rochie A.
=700  \\$aPalma, Merazol M.
=852  \\$aBISU Clarin - Poblacion Norte, Clarin
=876  \\$aBISU-CLC-000087
=876  \\$bBISUCLA-T-2023000299
=876  \\$hFor room use only
=876  \\$jInventoried
=876  \\$tCopy 1

