=LDR  00000nam a2200000Ia 45e0
=008  250109s9999\\\\xx\\\\\\\\\\\\000\0\und\d
=100  \\$aCanono, Alona C.
=245  \4$aThe Effect of the Growth of Tied Mudcrab Scylla Serrata (Forskal, 1775) for Fattening in Brakish Water Fishpond
=245  \0$bby Alona C. Canono, Jeric Mellomida, Arlle M. Lopez and Honey Grace Arcales
=260  \\$aPoblacion Norte, Clarin
=260  \\$bBISU-Clarin
=260  \\$c2017
=300  \\$aix, 42 leaves
=700  \\$aArcales, Honey Grace
=700  \\$aLopez, Arlle M.
=700  \\$aMellomida, Jeric
=852  \\$aBISU Clarin - Poblacion Norte, Clarin
=876  \\$aBISU-CLC-000088
=876  \\$bBISUCLA-T-2023000300
=876  \\$hFor room use only
=876  \\$jInventoried
=876  \\$tCopy 1

