=LDR  00000nam a2200000Ia 45e0
=008  250109s9999\\\\xx\\\\\\\\\\\\000\0\und\d
=100  \\$aSumalinog, Evangeline B.
=245  \4$aThe Effects of Foliar (Vegegrow) and Chicken Dung to the Yield of Ampalaya (Momordica Charantia) Under Caboy, Clarin, Bohol Soil Condition
=245  \0$bby Evangeline B. Sumalinog, Mira Fe L. Sumalinog, Lorna C. Manatad, Crescencia V. Dumanayos and Ma. Shiela D. Duan
=260  \\$aPoblacion Norte, Clarin
=260  \\$bBISU-Clarin
=260  \\$c2005
=300  \\$aix, 35 leaves
=700  \\$aDuan, Ma. Shiela D.
=700  \\$aDumanayos, Crescencia V.
=700  \\$aManatad, Lorna C.
=700  \\$aSumalinog, Mira Fe L.
=852  \\$aBISU Clarin - Poblacion Norte, Clarin
=876  \\$aBISU-CLC-000089
=876  \\$bBISUCLA-T-2023000301
=876  \\$hFor room use only
=876  \\$jInventoried
=876  \\$tCopy 1

