=LDR  00000nam a2200000Ia 45e0
=008  250109s9999\\\\xx\\\\\\\\\\\\000\0\und\d
=100  \\$aBalo, Richard D.
=245  \4$aThe Effects of Indigenous Microorganisms, Fermented Fruit Juice and Fish Amino Acid to the Growth of Anthurium (Anthurium Andreanum)
=245  \0$bby Richard D. Balo, Elvie V. Lopez, Evelyn V. Milla and Melolita L. Nable
=260  \\$aPoblacion Norte, Clarin
=260  \\$bBISU-Clarin
=260  \\$c2006
=300  \\$axiii, 65 leaves
=700  \\$aLopez, Elvie V.
=700  \\$aMilla, Evelyn V.
=700  \\$aNable, Melolita L.
=852  \\$aBISU Clarin - Poblacion Norte, Clarin
=876  \\$aBISU-CLC-000090
=876  \\$bBISUCLA-T-2023000302
=876  \\$hFor room use only
=876  \\$jInventoried
=876  \\$tCopy 1

