=LDR  00000nam a2200000Ia 45e0
=008  250109s9999\\\\xx\\\\\\\\\\\\000\0\und\d
=100  \\$aMelecio, Ledenia G.
=245  \4$aThe Effects of Lactobacillus on Hog Fattening
=245  \0$bby Ledenia G. Melecio, Gerenima A. Anober, Jovelyn S. Sagolili, Jonalyn H. Hongoy, and Delfina M. Petecio
=260  \\$aPoblacion Norte, Clarin
=260  \\$bBISU-Clarin
=260  \\$c2005
=300  \\$axii, 36 leaves
=700  \\$aAnober, Gerenima A.
=700  \\$aHongoy, Jonalyn H.
=700  \\$aPetecio, Delfina M.
=700  \\$aSagolili, Jovelyn S.
=852  \\$aBISU Clarin - Poblacion Norte, Clarin
=876  \\$aBISU-CLC-000091
=876  \\$bBISUCLA-T-2023000303
=876  \\$hFor room use only
=876  \\$jInventoried
=876  \\$tCopy 1

