=LDR  00000nam a2200000Ia 45e0
=008  250109s9999\\\\xx\\\\\\\\\\\\000\0\und\d
=100  \\$aCelis, Wenceslao C.
=245  \4$aThe Effects of Organic (Carabao Manure) and  Inorganic (Urea and Complete) Fertilizers to the Growth and Yield of Pechay Under CVSCAFT Clarin Soil Condition
=245  \0$bby Wenceslao C. Celis, Seim T. Carcallas, Julita M. Lofranco and Maricar G. Diesta
=260  \\$aPoblacion Norte, Clarin
=260  \\$bBISU-Clarin
=260  \\$c2005
=300  \\$axi, 49 leaves
=700  \\$aCarcallas, Seim T.
=700  \\$aDiesta, Maricar G.
=700  \\$aLofranco, Julita M. 
=852  \\$aBISU Clarin - Poblacion Norte, Clarin
=876  \\$aBISU-CLC-000092
=876  \\$bBISUCLA-T-2023000304
=876  \\$hFor room use only
=876  \\$jInventoried
=876  \\$tCopy 1

