=LDR  00000nam a2200000Ia 45e0
=008  250109s9999\\\\xx\\\\\\\\\\\\000\0\und\d
=100  \\$aGarcia, Shiela A.
=245  \4$aThe Effects of Rice Hull and Rice Straw as Mulching Materials on the Growth of Garlic (Allium Sativum) Under CVSCAFT Clarin Campus Soil Condition
=245  \0$bby Shiela A. Garcia, Wincelyn Y. Omani, Noreto R. Rigodon and Jojie E. Torremocha
=260  \\$aPoblacion Norte, Clarin
=260  \\$bBISU-Clarin
=260  \\$c2006
=300  \\$axiv, 50 leaves
=700  \\$aOmani, Wincelyn Y.
=700  \\$aRigodon, Noreto R.
=700  \\$aTorremocha, Jojie E.
=852  \\$aBISU Clarin - Poblacion Norte, Clarin
=876  \\$aBISU-CLC-000093
=876  \\$bBISUCLA-T-2023000305
=876  \\$hFor room use only
=876  \\$jInventoried
=876  \\$tCopy 1

