=LDR  00000nam a2200000Ia 45e0
=008  250109s9999\\\\xx\\\\\\\\\\\\000\0\und\d
=100  \\$aAtuel, Julieta Q.
=245  \4$aThe Effects of Sawdust to the Growth of Tomato, Solanum Lycopersicum (Linnaeus, 1753)
=245  \0$bby Julieta Q. Atuel, Elvin M. Pacatang, Rubie A. Sucajel and Maria Darlyn Jane R. Vergara
=260  \\$aPoblacion Norte, Clarin
=260  \\$bBISU-Clarin
=260  \\$c2017
=300  \\$aviii, 59 leaves
=700  \\$aPacatang, Elvin M.
=700  \\$aSucajel, Rubie A.
=700  \\$aVergara, Maria Darlyn Jane R.
=852  \\$aBISU Clarin - Poblacion Norte, Clarin
=876  \\$aBISU-CLC-000094
=876  \\$bBISUCLA-T-2023000306
=876  \\$hFor room use only
=876  \\$jInventoried
=876  \\$tCopy 1

