=LDR  00000nam a2200000Ia 45e0
=008  250109s9999\\\\xx\\\\\\\\\\\\000\0\und\d
=100  \\$aOmbing, Joserabie B.
=245  \4$aThe Impact of Push Net Trawling to the Seagrass Bed
=245  \0$bby Joserabie B. Ombing, Marlon D. Briones, John Kenneth I. Ombrosa and Sherly P. Torrefil
=260  \\$aPoblacion Norte, Clarin
=260  \\$bBISU-Clarin
=260  \\$c2016
=300  \\$aviii, 78 leaves
=700  \\$aBriones, Marlon D.
=700  \\$aOmbrosa, John Kenneth I.
=700  \\$aTorrefil, Sherly P.
=852  \\$aBISU Clarin - Poblacion Norte, Clarin
=876  \\$aBISU-CLC-000095
=876  \\$bBISUCLA-T-2023000307
=876  \\$hFor room use only
=876  \\$jInventoried
=876  \\$tCopy 1

