=LDR  00000nam a2200000Ia 45e0
=008  250109s9999\\\\xx\\\\\\\\\\\\000\0\und\d
=100  \\$aGonzales, Jovelyn D.
=245  \4$aThe Profitability of Bangus Production as Perceived by the Faculty and Employees of CVSCAFT Clarin Campus, Gropping Year 2002-2003 Proposed Development Plan
=245  \0$bby Jovelyn D. Gonzales and Arlene S. Miral
=260  \\$aPoblacion Norte, Clarin
=260  \\$bBISU-Clarin
=260  \\$c2003
=300  \\$axii, 58 leaves
=700  \\$aMiral, Arlene S.
=852  \\$aBISU Clarin - Poblacion Norte, Clarin
=876  \\$aBISU-CLC-000096
=876  \\$bBISUCLA-T-2023000308
=876  \\$hFor room use only
=876  \\$jInventoried
=876  \\$tCopy 1

