=LDR  00000nam a2200000Ia 45e0
=008  250109s9999\\\\xx\\\\\\\\\\\\000\0\und\d
=100  \\$aMelecio, Aida T.
=245  \4$aThe Use of Laying Mash for Egg Production to Native Hens
=245  \0$bby Aida T. Melecio, Felipa R. Damos, Jocelyn M. Hongoy and Alona A. Llamada
=260  \\$aPoblacion Norte, Clarin
=260  \\$bBISU-Clarin
=260  \\$c2005
=300  \\$axi, 50 leaves
=700  \\$aDamos, Felipa R.
=700  \\$aHongoy, Jocelyn M.
=700  \\$aLlamada, Alona A.
=852  \\$aBISU Clarin - Poblacion Norte, Clarin
=876  \\$aBISU-CLC-000097
=876  \\$bBISUCLA-T-2023000309
=876  \\$hFor room use only
=876  \\$jInventoried
=876  \\$tCopy 1

