=LDR  00000nam a2200000Ia 45e0
=008  250109s9999\\\\xx\\\\\\\\\\\\000\0\und\d
=100  \\$aCelmar, Carmelita A.
=245  \4$aThe Use of San Miguel Beer as Supplements to Broilers: A Proposed Technology Livelihood of Student
=245  \0$bby Carmelita A. Celmar, Baltazara T. Monton, Marivic N. Duallo, Remegio P. Cabido and Irick M. Ojendras
=260  \\$aPoblacion Norte, Clarin
=260  \\$bBISU-Clarin
=260  \\$c2002
=300  \\$axi, 59 leaves
=700  \\$aCabido, Remegio P.
=700  \\$aDuallo, Marivic N.
=700  \\$aMonton, Baltazara T.
=700  \\$aOjendras, Irick M.
=852  \\$aBISU Clarin - Poblacion Norte, Clarin
=876  \\$aBISU-CLC-000098
=876  \\$bBISUCLA-T-2023000310
=876  \\$hFor room use only
=876  \\$jInventoried
=876  \\$tCopy 1

