=LDR  00000nam a2200000Ia 45e0
=008  250109s9999\\\\xx\\\\\\\\\\\\000\0\und\d
=100  \\$aGolez, Ayres B.
=245  \0$aVermi Production Using Vegetable Waste and Animal Manure
=245  \0$bby Ayres B. Golez, Angela R. Apostol, Ma. Rosario G. Responso and Zeravie A. Aparece
=260  \\$aPoblacion Norte, Clarin
=260  \\$bBISU-Clarin
=260  \\$c2016
=300  \\$aviii, 57 leaves
=700  \\$aAparece, Zeravie A.
=700  \\$aApostol, Angela R.
=700  \\$aResponso, Ma. Rosario G.
=852  \\$aBISU Clarin - Poblacion Norte, Clarin
=876  \\$aBISU-CLC-000099
=876  \\$bBISUCLA-T-2023000268
=876  \\$hFor room use only
=876  \\$jInventoried
=876  \\$tCopy 1

