=LDR  00000nam a2200000Ia 45e0
=008  250109s9999\\\\xx\\\\\\\\\\\\000\0\und\d
=100  \\$aPecolados, Cerina V.
=245  \0$aWater Quality of Cabibi Creek Watershed in Clarin, Bohol
=245  \0$bby Cerina V. Pecolados, Ivy R. Apostol, Anthony O. Lapiz, Rosalind P. Alcantara and Felizardo C. Aro
=260  \\$aPoblacion Norte, Clarin
=260  \\$bBISU-Clarin
=260  \\$c2008
=300  \\$axii, 47 leaves
=700  \\$aAlcantara, Rosalind P.
=700  \\$aApostol, Ivy R.
=700  \\$aAro, Felizardo C.
=700  \\$aLapiz, Anthony O.
=852  \\$aBISU Clarin - Poblacion Norte, Clarin
=876  \\$aBISU-CLC-000100
=876  \\$bBISUCLA-T-2023000267
=876  \\$hFor room use only
=876  \\$jInventoried
=876  \\$tCopy 1

